
%% dataaset 
@data{alibaba-block-trace,
    doi = {10.21227/94am-a591},
    url = {https://dx.doi.org/10.21227/94am-a591},
    author = {Adegboyega, Abiola},
    publisher = {IEEE Dataport},
    title = {Alibaba Block Storage Dataset},
    year = {2024} 
}

@InCollection{snia-trace-block-io-28568,
    author =        "Gala Yadgar and Moshe Gabel and Shehbaz Jaffer and Bianca Schroeder",
    title =         "{YCSB RocksDB SSD} Traces ({SNIA IOTTA} Trace Set 28568)",
    booktitle =     "SNIA IOTTA Trace Repository",
    publisher =     "Storage Networking Industry Association",
    month =         dec,
    year =          2018,
    editor =        "Geoff Kuenning",
    type =          "Trace file",
    url =           "http://iotta.snia.org/traces/block-io?only=28568",
}

@InCollection{snia-trace-system-call-5198,
    author =        "Daniel Campello and Hector Lopez and Luis Useche and Ricardo Koller and Raju Rangaswami",
    title =         "{FIU} Filesystem SysCall Traces ({SNIA IOTTA} Trace Set 5198)",
    booktitle =     "SNIA IOTTA Trace Repository",
    publisher =     "Storage Networking Industry Association",
    month =         sep,
    year =          2014,
    editor =        "Geoff Kuenning",
    type =          "Trace file",
    url =           "http://iotta.snia.org/traces/system-call?only=5198",
}


@inproceedings{paul2022machine,
  title={Machine learning assisted HPC workload trace generation for leadership scale storage systems},
  author={Paul, Arnab K and Choi, Jong Youl and Karimi, Ahmad Maroof and Wang, Feiyi},
  booktitle={Proceedings of the 31st International Symposium on High-Performance Parallel and Distributed Computing},
  pages={199--212},
  year={2022}
}

## about diffusion 




## bench
@article{filebench,
  title={Filebench: A Flexible Framework for File System Benchmarking},
  author={Vasily Tarasov and Erez Zadok and Spencer Shepler},
  journal={login Usenix Mag.},
  year={2016},
  volume={41},
  url={https://api.semanticscholar.org/CorpusID:56553130}
}

## 공식 아님!! 없어요ㅠㅠ
@article{specstorage2020,
  title={{SPECstorage}},
  author={{Standard Performance Evaluation Corporation}},
  year={2020},
  url={https://www.spec.org/storage2020/}
}


@article{palette,
  author       = {Chitwan Saharia and
                  William Chan and
                  Huiwen Chang and
                  Chris A. Lee and
                  Jonathan Ho and
                  Tim Salimans and
                  David J. Fleet and
                  Mohammad Norouzi},
  title        = {Palette: Image-to-Image Diffusion Models},
  journal      = {CoRR},
  volume       = {abs/2111.05826},
  year         = {2021},
  url          = {https://arxiv.org/abs/2111.05826},
  eprinttype    = {arXiv},
  eprint       = {2111.05826},
  timestamp    = {Tue, 16 Nov 2021 12:12:31 +0100},
  biburl       = {https://dblp.org/rec/journals/corr/abs-2111-05826.bib},
  bibsource    = {dblp computer science bibliography, https://dblp.org}
}

###############################################
# IEEE style - short
@article{repaint,
  author       = {Andreas Lugmayr and
                  Martin Danelljan and
                  Andr{\'{e}}s Romero and
                  Fisher Yu and
                  Radu Timofte and
                  Luc Van Gool},
  title        = "{RePaint: Inpainting Using Denoising Diffusion Probabilistic Models}",
  journal      = "{CoRR}",
  volume       = "abs/2201.09865",
  year         = "2022",
  url          = "https://arxiv.org/abs/2201.09865"
}

@misc{dalle2,
  author       = {Aditya Ramesh and
                  Prafulla Dhariwal and
                  Alex Nichol and
                  Casey Chu and
                  Mark Chen},
  title        = "{Hierarchical Text-Conditional Image Generation with CLIP Latents}",
  year         = "2022",
  eprint       = "2204.06125",
  archivePrefix = "arXiv",
  primaryClass = "cs.CV",
  url          = "https://arxiv.org/abs/2204.06125"
}



@misc{clip,
      title={Learning Transferable Visual Models From Natural Language Supervision}, 
      author={Alec Radford and Jong Wook Kim and Chris Hallacy and Aditya Ramesh and Gabriel Goh and Sandhini Agarwal and Girish Sastry and Amanda Askell and Pamela Mishkin and Jack Clark and Gretchen Krueger and Ilya Sutskever},
      year={2021},
      eprint={2103.00020},
      archivePrefix={arXiv},
      primaryClass={cs.CV},
      url={https://arxiv.org/abs/2103.00020}, 
}